<record><leader>00000cas a2200000 i 4500</leader><controlfield tag="001">228706538</controlfield><controlfield tag="008">000622d1865186uvau x n      f0    0eng c</controlfield><datafield ind1=" " ind2=" " tag="010"><subfield code="a">  2016227670</subfield></datafield><datafield ind1=" " ind2=" " tag="040"><subfield code="a">HUV</subfield><subfield code="b">eng</subfield><subfield code="e">rda</subfield><subfield code="c">HUV</subfield><subfield code="d">OCLCO</subfield><subfield code="d">NDD</subfield></datafield><datafield ind1=" " ind2=" " tag="042"><subfield code="a">pcc</subfield></datafield><datafield ind1="1" ind2="4" tag="050"><subfield code="a">E491.M555</subfield><subfield code="b">G46</subfield></datafield><datafield ind1="1" ind2=" " tag="110"><subfield code="a">United States.</subfield><subfield code="b">Army.</subfield><subfield code="b">Military Division of the James.</subfield></datafield><datafield ind1="1" ind2="0" tag="245"><subfield code="a">General Orders.</subfield></datafield><datafield ind1=" " ind2="1" tag="264"><subfield code="a">Richmond, Va. :</subfield><subfield code="b">Head Quarters Military Division of the James</subfield></datafield><datafield ind1=" " ind2=" " tag="300"><subfield code="a">volumes ;</subfield><subfield code="c">21 cm</subfield></datafield><datafield ind1=" " ind2=" " tag="310"><subfield code="a">Irregular</subfield></datafield><datafield ind1=" " ind2=" " tag="336"><subfield code="a">text</subfield><subfield code="b">txt</subfield><subfield code="2">rdacontent</subfield></datafield><datafield ind1=" " ind2=" " tag="337"><subfield code="a">unmediated</subfield><subfield code="b">n</subfield><subfield code="2">rdamedia</subfield></datafield><datafield ind1=" " ind2=" " tag="338"><subfield code="a">volume</subfield><subfield code="b">nc</subfield><subfield code="2">rdacarrier</subfield></datafield><datafield ind1=" " ind2=" " tag="588"><subfield code="a">Description based on: No. 2 (April 25, 1865); title from caption.</subfield></datafield><datafield ind1="1" ind2="0" tag="610"><subfield code="a">United States.</subfield><subfield code="b">Army.</subfield><subfield code="b">Military Division of the James</subfield><subfield code="v">Regulations.</subfield></datafield><datafield ind1=" " ind2="0" tag="651"><subfield code="a">United States</subfield><subfield code="x">History</subfield><subfield code="y">Civil War, 1861-1865.</subfield></datafield></record>